<record><leader>00000cas a22000007a 4500</leader><controlfield tag="001">11192584</controlfield><controlfield tag="008">840924d18741879nyuwr ne      0    0eng d</controlfield><controlfield tag="009">148</controlfield><datafield ind1=" " ind2=" " tag="010"><subfield code="a">sn 84031704 </subfield></datafield><datafield ind1=" " ind2=" " tag="040"><subfield code="a">NYG</subfield><subfield code="b">eng</subfield><subfield code="c">NYG</subfield><subfield code="d">NPX</subfield><subfield code="d">NYS</subfield><subfield code="d">OCLCQ</subfield></datafield><datafield ind1="1" ind2=" " tag="029"><subfield code="a">AU@</subfield><subfield code="b">000020350964</subfield></datafield><datafield ind1=" " ind2=" " tag="042"><subfield code="a">msc</subfield></datafield><datafield ind1="0" ind2="0" tag="245"><subfield code="a">Saratoga County standard.</subfield></datafield><datafield ind1=" " ind2=" " tag="260"><subfield code="a">Schuylerville, N.Y. :</subfield><subfield code="b">Richard Mingay</subfield></datafield><datafield ind1=" " ind2=" " tag="300"><subfield code="a">v.</subfield></datafield><datafield ind1=" " ind2=" " tag="310"><subfield code="a">Weekly</subfield></datafield><datafield ind1="0" ind2=" " tag="362"><subfield code="a">Vol. 4, no. 33 (Dec. 31, 1874)-v. 8, no. 52 (Apr. 24, 1879) = whole no. 189-416.</subfield></datafield><datafield ind1=" " ind2=" " tag="500"><subfield code="a">Publishers: Ford, Bennett &amp; Co., Sept. 23, 1875-May 18, 1876; Standard Pub. Co., May 25, 1876-Apr. 24, 1879.</subfield></datafield><datafield ind1=" " ind2=" " tag="515"><subfield code="a">Issue for Dec. 31, 1874 is numbered v. 4, no. 33 = whole no. 189, but it constitutes v. 4, no. 34 = whole no. 190.</subfield></datafield><datafield ind1=" " ind2="4" tag="651"><subfield code="a">Schuylerville (N.Y.)</subfield><subfield code="v">Newspapers.</subfield></datafield><datafield ind1=" " ind2=" " tag="752"><subfield code="a">United States</subfield><subfield code="b">New York</subfield><subfield code="c">Saratoga</subfield><subfield code="d">Schuylerville.</subfield></datafield><datafield ind1="0" ind2="0" tag="780"><subfield code="t">Standard (Schuylerville, N.Y. : 1874)</subfield><subfield code="w">(DLC)sn 88074377</subfield></datafield><datafield ind1="0" ind2="0" tag="785"><subfield code="t">Standard (Schuylerville, N.Y. : 1879)</subfield><subfield code="w">(DLC)sn 88074378</subfield></datafield></record>